
@misc{PLP-Framework,
	author = "Hou, R. ",
	title = "Music content personalized recommendation system based on a convolutional neural network",
	howpublished = "\url{https://link.springer.com/article/10.1007/s00500-023-09457-2}",
}